<record><leader>00000cas a22000007a 4500</leader><controlfield tag="001">21615134</controlfield><controlfield tag="008">900529d19471993mouwr ne      0    0eng d</controlfield><datafield ind1=" " ind2=" " tag="010"><subfield code="a">sn 90061658 </subfield></datafield><datafield ind1=" " ind2=" " tag="040"><subfield code="a">MQN</subfield><subfield code="b">eng</subfield><subfield code="c">MQN</subfield><subfield code="d">OCLCQ</subfield></datafield><datafield ind1=" " ind2=" " tag="042"><subfield code="a">msc</subfield></datafield><datafield ind1="0" ind2="4" tag="245"><subfield code="a">The Summersville beacon.</subfield></datafield><datafield ind1=" " ind2=" " tag="260"><subfield code="a">Summersville, Mo. :</subfield><subfield code="b">G.L. Derrickson, E. Derrickson, &amp; G.P. Derrickson,</subfield><subfield code="c">1947-1993.</subfield></datafield><datafield ind1=" " ind2=" " tag="300"><subfield code="a">v.</subfield></datafield><datafield ind1=" " ind2=" " tag="310"><subfield code="a">Weekly</subfield></datafield><datafield ind1="1" ind2=" " tag="362"><subfield code="a">Began in 1947.</subfield><subfield code="z">Cf. Ayer.</subfield></datafield><datafield ind1="0" ind2=" " tag="362"><subfield code="a">-v. 47, no. 16, (Jan. 28, 1993).</subfield></datafield><datafield ind1=" " ind2=" " tag="588"><subfield code="a">Description based on: Vol. 16, no. 7 (Jan. 4, 1963).</subfield></datafield><datafield ind1=" " ind2="4" tag="651"><subfield code="a">Summersville (Mo.)</subfield><subfield code="v">Newspapers.</subfield></datafield><datafield ind1=" " ind2="4" tag="651"><subfield code="a">Texas County (Mo.)</subfield><subfield code="v">Newspapers.</subfield></datafield><datafield ind1=" " ind2=" " tag="752"><subfield code="a">United States</subfield><subfield code="b">Missouri</subfield><subfield code="c">Texas</subfield><subfield code="d">Summersville.</subfield></datafield><datafield ind1="1" ind2=" " tag="029"><subfield code="a">AU@</subfield><subfield code="b">000025853747</subfield></datafield></record>